<record><leader>00000cas a22000007a 4500</leader><controlfield tag="001">16580401</controlfield><controlfield tag="008">870828d18271830msuwr ne      0    0eng d</controlfield><datafield ind1=" " ind2=" " tag="010"><subfield code="a">sn 87065673 </subfield></datafield><datafield ind1=" " ind2=" " tag="040"><subfield code="a">MJA</subfield><subfield code="b">eng</subfield><subfield code="c">MJA</subfield><subfield code="d">MSJ</subfield><subfield code="d">KNP</subfield><subfield code="d">NVF</subfield><subfield code="d">NVK</subfield><subfield code="d">OCL</subfield><subfield code="d">OCLCQ</subfield><subfield code="d">OCLCF</subfield><subfield code="d">OCLCO</subfield><subfield code="d">DLC</subfield></datafield><datafield ind1=" " ind2=" " tag="042"><subfield code="a">msc</subfield></datafield><datafield ind1=" " ind2=" " tag="043"><subfield code="a">n-us-ms</subfield></datafield><datafield ind1="0" ind2="0" tag="245"><subfield code="a">Woodville Republican, and Wilkinson weekly advertiser.</subfield></datafield><datafield ind1="1" ind2=" " tag="246"><subfield code="i">Published as:</subfield><subfield code="a">Woodville Republican</subfield><subfield code="f">Nov. 17-Dec. 12, 1829</subfield></datafield><datafield ind1=" " ind2=" " tag="260"><subfield code="a">Woodville, Miss. :</subfield><subfield code="b">Chisholm &amp; King,</subfield><subfield code="c">1827-1830.</subfield></datafield><datafield ind1=" " ind2=" " tag="300"><subfield code="a">v.</subfield></datafield><datafield ind1=" " ind2=" " tag="310"><subfield code="a">Weekly</subfield></datafield><datafield ind1="0" ind2=" " tag="362"><subfield code="a">[Vol. 4] no. 1 (Jan. 1, 1827)-v. 7, no. 52 (Dec. 31, 1830).</subfield></datafield><datafield ind1=" " ind2=" " tag="530"><subfield code="a">Available on microfilm from the University of Kentucky and The Genealogical Society, Salt Lake City, Utah.</subfield></datafield><datafield ind1=" " ind2="0" tag="651"><subfield code="a">Woodville (Miss.)</subfield><subfield code="v">Newspapers.</subfield></datafield><datafield ind1=" " ind2="0" tag="651"><subfield code="a">Wilkinson County (Miss.)</subfield><subfield code="v">Newspapers.</subfield></datafield><datafield ind1=" " ind2="7" tag="651"><subfield code="a">Mississippi</subfield><subfield code="z">Wilkinson County.</subfield><subfield code="2">fast</subfield><subfield code="0">(OCoLC)fst01221172</subfield></datafield><datafield ind1=" " ind2="7" tag="651"><subfield code="a">Mississippi</subfield><subfield code="z">Woodville.</subfield><subfield code="2">fast</subfield><subfield code="0">(OCoLC)fst01256176</subfield></datafield><datafield ind1=" " ind2="7" tag="655"><subfield code="a">Newspapers.</subfield><subfield code="2">fast</subfield><subfield code="0">(OCoLC)fst01423814</subfield></datafield><datafield ind1=" " ind2=" " tag="752"><subfield code="a">United States</subfield><subfield code="b">Mississippi</subfield><subfield code="c">Wilkinson</subfield><subfield code="d">Woodville.</subfield></datafield><datafield ind1="0" ind2="0" tag="780"><subfield code="t">Republican, and Wilkinson weekly advertiser</subfield><subfield code="w">(DLC)sn 87065671</subfield><subfield code="w">(OCoLC)16580078</subfield></datafield><datafield ind1="0" ind2="0" tag="785"><subfield code="t">Mississippi Democrat (Woodville, Miss.)</subfield><subfield code="w">(DLC)sn 87065670</subfield><subfield code="w">(OCoLC)16580793</subfield></datafield></record>